@ARTICLE{decomposition,
author={Palomar, D.P. and Mung Chiang},
journal={Selected Areas in Communications, IEEE Journal on},
title={A tutorial on decomposition methods for network utility maximization},
year={2006},
volume={24},
number={8},
pages={1439-1451},
keywords={distributed algorithms;gradient methods;radio networks;resource allocation;Gauss-Seidel iteration;Jacobi method;Lagrange duality;decomposition method;decoupling technique;distributed algorithm;modular network;network utility maximization;resource allocation;subgradient method;Congestion control;cross-layer design;decomposition;distributed algorithm;network architecture;network control by pricing;network utility maximization;optimization;power control;resource allocation},
doi={10.1109/JSAC.2006.879350},
ISSN={0733-8716},
month={Aug},}

@book{Hoffman,
      author        = "Hoffman, Joe D",
      title         = "{Numerical methods for engineers and scientists}",
      publisher     = "McGraw-Hill",
      address       = "New York, NY",
      year          = "1992",
      url           = "https://cds.cern.ch/record/243156",
}

@ARTICLE{Auer,
author={Auer, G. and Giannini, V. and Desset, C. and Godor, I. and Skillermark, P. and Olsson, M. and Imran, M.A. and Sabella, D. and Gonzalez, M.J. and Blume, O. and Fehske, A.},
journal={Wireless Communications, IEEE},
title={How much energy is needed to run a wireless network?},
year={2011},
volume={18},
number={5},
pages={40-49},
keywords={Long Term Evolution;energy conservation;performance evaluation;radio access networks;telecommunication traffic;3GPP LTE radio access network;BS power model;Long Term Evolution;base station;energy efficiency evaluation framework;long-term traffic models;performance evaluation;traffic demands;wireless network;Cellular networks;Energy efficiency;Next generation networking;Sustainable development;Telecommunication network management;Wireless networks},
doi={10.1109/MWC.2011.6056691},
ISSN={1536-1284},
month={October},}

@article{lambert,
year={1996},
issn={1019-7168},
journal={Advances in Computational Mathematics},
volume={5},
number={1},
doi={10.1007/BF02124750},
title={On the LambertW function},
url={http://dx.doi.org/10.1007/BF02124750},
publisher={Baltzer Science Publishers, Baarn/Kluwer Academic Publishers},
author={Corless, R.M. and Gonnet, G.H. and Hare, D.E.G. and Jeffrey, D.J. and Knuth, D.E.},
pages={329-359},
language={English}
}

@ARTICLE{Footprint,
author={Fehske, A. and Fettweis, G. and Malmodin, J. and Biczok, G.},
journal={Communications Magazine, IEEE},
title={The global footprint of mobile communications: The ecological and economic perspective},
year={2011},
volume={49},
number={8},
pages={55-62},
keywords={carbon compounds;cellular radio;energy consumption;mobile communication;radio access networks;CO2;SMART2020 report;cellular business;data assessment;data transfer;ecological perspective;economic perspective;energy consumption;gas equivalent emissions;global carbon footprint;global radio access network operation;green communication;life cycle assessment;mobile communications;mobile traffic volumes;Base stations;Cellular phones;Environmental factors;Manufacturing processes;Mobile communication;Mobile computing;Mobile handsets;Radio access networks},
doi={10.1109/MCOM.2011.5978416},
ISSN={0163-6804},
month={August},}

@INPROCEEDINGS{Saker,
author={Saker, L. and Elayoubi, S.-E. and Chahed, T.},
booktitle={Wireless Communications and Networking Conference (WCNC), 2010 IEEE},
title={Minimizing Energy Consumption via Sleep Mode in Green Base Station},
year={2010},
pages={1-6},
keywords={energy consumption;quality of service;radio networks;resource allocation;telecommunication network management;2G;energy consumption;green base station;green wireless network;high speed packet access system;quality of service;radio resource management scheme;sleep mechanism;sleep mode;Base stations;Communications Society;Energy consumption;Energy efficiency;Quality of service;Resource management;Samarium;Telecommunication traffic;Throughput;Traffic control},
doi={10.1109/WCNC.2010.5506413},
ISSN={1525-3511},
month={April},}

@INPROCEEDINGS{Ericsson,
author={Frenger, P. and Moberg, P. and Malmodin, J. and Jading, Y. and Godor, I.},
booktitle={Vehicular Technology Conference (VTC Spring), 2011 IEEE 73rd},
title={Reducing Energy Consumption in LTE with Cell DTX},
year={2011},
pages={1-5},
keywords={Long Term Evolution;cellular radio;energy consumption;telecommunication traffic;LTE network;base station side;cell DTX;cell discontinuous transmission;cellular network;energy consumption reduction;energy efficient network operation;life cycle assessment perspective;mobile network;traffic;Base stations;Downlink;Energy consumption;Mobile communication;Mobile computing;OFDM;Telecommunication traffic},
doi={10.1109/VETECS.2011.5956235},
ISSN={1550-2252},
month={May},}

@ARTICLE{sleep,
author={Wang, R. and Thompson, J.S. and Haas, H. and Grant, P.M.},
journal={Communications, IET},
title={Sleep mode design for green base stations},
year={2011},
volume={5},
number={18},
pages={2606-2616},
keywords={Long Term Evolution;quality of service;radio transmitters;telecommunication signalling;telecommunication traffic;transmitting antennas;antenna selection criterion;base station transmission;full antenna transmission;green base station;long-term evolution system;operational energy consumption;quality of service;radiated energy reduction;radio base station;radio frequency energy consumption;signalling overhead;sleep mode design;time-domain optimisation;time-domain sleep mode;traffic condition;traffic load;transmit antenna;transmitter antenna},
doi={10.1049/iet-com.2011.0104},
ISSN={1751-8628},
month={Dec},}

@ARTICLE{Wu,
author={Jian Wu and Sheng Zhou and Zhisheng Niu},
journal={Wireless Communications, IEEE Transactions on},
title={Traffic-Aware Base Station Sleeping Control and Power Matching for Energy-Delay Tradeoffs in Green Cellular Networks},
year={2013},
volume={12},
number={8},
pages={4196-4209},
keywords={Pareto optimisation;cellular radio;telecommunication traffic;Pareto optimal tradeoff;base station;energy consumption lower bound;energy saving;energy-optimal rate;green cellular networks;optimal energy-delay tradeoff;power consumption;power matching configurations;traffic-aware base station sleeping control;Base stations;Delays;Energy consumption;Green products;Joints;Power demand;Switches;Traffic-aware;energy-delay tradeoff;power matching;sleeping control},
doi={10.1109/TWC.2013.071613.122092},
ISSN={1536-1276},
month={August},}

@INPROCEEDINGS{min,
author={Holtkamp, H. and Auer, G. and Haas, H.},
booktitle={Vehicular Technology Conference (VTC Fall), 2011 IEEE},
title={On Minimizing Base Station Power Consumption},
year={2011},
pages={1-5},
keywords={Long Term Evolution;convex programming;power control;resource allocation;Long Term Evolution;PRAIS;base station power consumption;convex optimization problem;discontinuous transmission;linear power model;power 27 W to 68 W;power and resource allocation including sleep method;power control;wireless downlink;Adaptation models;Bandwidth;IEEE 802.16 Standards;Load modeling;Power demand;Resource management;Time division multiple access},
doi={10.1109/VETECF.2011.6093054},
ISSN={1090-3038},
month={Sept},}

@INPROCEEDINGS{onoff,
author={Chatzipapas, A. and Alouf, S. and Mancuso, V.},
booktitle={Online Conference on Green Communications (GreenCom), 2011 IEEE},
title={On the minimization of power consumption in base stations using on/off power amplifiers},
year={2011},
pages={18-23},
keywords={cellular radio;next generation networks;power amplifiers;BS power amplifiers;base stations;cellular networks;energy consumption reduction;fossil fuel;global warming;greenhouse effect;mathematical model;new generation networks;on-off power amplifiers;power consumption minimization;power gain;total network energy;total power consumption;Cooling;Energy consumption;Heating;Mathematical model;Power demand;Switches;Switching frequency},
doi={10.1109/GreenCom.2011.6082501},
month={Sept},}

@INPROCEEDINGS{Femto,
author={Bonnefoi, R. and Moy, C. and Palicot, J.},
booktitle={International Conference on Cognitive Radio Oriented Wireless Networks and Communications (CROWNCOM)},
year={2016},
month={May},
title={Dynamic sleep mode for minimizing a femtocell power consumption},}