%% This BibTeX bibliography file was created using BibDesk.
%% http://bibdesk.sourceforge.net/

%% Created for Sylvain Chatel at 2016-07-25 16:21:55 +0200 


%% Saved with string encoding Unicode (UTF-8) 



@article{Jia,
	Author = {Dong Jia and B. H. Krogh},
	Booktitle = {American Control Conference, 2001. Proceedings of the 2001},
	Doi = {10.1109/ACC.2001.946306},
	Issn = {0743-1619},
	Keywords = {decentralised control;distributed control;frequency control;load regulation;matrix algebra;predictive control;stability;controllable systems;distributed model predictive control;full local state feedback;local subsystems;matching condition;multi-area load-frequency control;one-step delayed prediction exchange;stability constraints;Communication system control;Control systems;Delay;Open loop systems;Optimal control;Power system modeling;Power system stability;Predictive control;Predictive models;State feedback},
	Pages = {2767-2772 vol.4},
	Title = {Distributed model predictive control},
	Volume = {4},
	Year = {2001},
	Bdsk-Url-1 = {http://dx.doi.org/10.1109/ACC.2001.946306}}

@article{Campo,
	Author = {E. Camponogara and D. Jia and B. H. Krogh and S. Talukdar},
	Doi = {10.1109/37.980246},
	Issn = {1066-033X},
	Journal = {IEEE Control Systems},
	Keywords = {distributed control;large-scale systems;multi-agent systems;power system control;predictive control;stability;closed-loop system;distributed model predictive control;large-scale problems;multiple agents;optimization computations;power system control;stability;Centralized control;Control systems;Distributed computing;Distributed control;Open loop systems;Optimal control;Power system dynamics;Power system modeling;Predictive control;Predictive models},
	Month = {Feb},
	Number = {1},
	Pages = {44-52},
	Title = {Distributed model predictive control},
	Volume = {22},
	Year = {2002},
	Bdsk-Url-1 = {http://dx.doi.org/10.1109/37.980246}}

@article{Venkat,
	Author = {A. N. Venkat and I. A. Hiskens and J. B. Rawlings and S. J. Wright},
	Doi = {10.1109/TCST.2008.919414},
	Issn = {1063-6536},
	Journal = {IEEE Transactions on Control Systems Technology},
	Keywords = {closed loop systems;control engineering computing;distributed algorithms;distributed control;iterative methods;large-scale systems;power generation control;predictive control;centralized model predictive control;closed-loop stability;distributed MPC algorithm;distributed model predictive control;intermediate termination;iterative method;large-scale networked control system;power system automatic generation control;Automatic generation control;distributed model predictive control;power system control},
	Month = {Nov},
	Number = {6},
	Pages = {1192-1206},
	Title = {Distributed MPC Strategies With Application to Power System Automatic Generation Control},
	Volume = {16},
	Year = {2008},
	Bdsk-Url-1 = {http://dx.doi.org/10.1109/TCST.2008.919414}}

@article{Brooks,
	Author = {A. Brooks and E. Lu and D. Reicher and C. Spirakis and B. Weihl},
	Doi = {10.1109/MPE.2010.936349},
	Issn = {1540-7977},
	Journal = {IEEE Power and Energy Magazine},
	Keywords = {demand side management;power generation dispatch;power grids;demand dispatch;electric power grid;plug-in electric vehicles;smart charging;Aggregates;Bandwidth;Communication system control;Communications technology;Delay;IP networks;Load management;Mesh generation;Power generation;Protocols},
	Month = {May},
	Number = {3},
	Pages = {20-29},
	Title = {Demand Dispatch},
	Volume = {8},
	Year = {2010},
	Bdsk-Url-1 = {http://dx.doi.org/10.1109/MPE.2010.936349}}

@article{Farina,
	Author = {Marcello Farina and Riccardo Scattolini},
	Doi = {http://dx.doi.org/10.1016/j.automatica.2012.03.020},
	Issn = {0005-1098},
	Journal = {Automatica},
	Keywords = {Robust model predictive control},
	Number = {6},
	Pages = {1088 - 1096},
	Title = {Distributed predictive control: A non-cooperative algorithm with neighbor-to-neighbor communication for linear systems},
	Url = {http://www.sciencedirect.com/science/article/pii/S000510981200129X},
	Volume = {48},
	Year = {2012},
	Bdsk-Url-1 = {http://www.sciencedirect.com/science/article/pii/S000510981200129X},
	Bdsk-Url-2 = {http://dx.doi.org/10.1016/j.automatica.2012.03.020}}

	
	@article{Dunbar,
title = "Distributed receding horizon control for multi-vehicle formation stabilization ",
journal = "Automatica ",
volume = "42",
number = "4",
pages = "549 - 558",
year = "2006",
note = "",
issn = "0005-1098",
doi = "http://dx.doi.org/10.1016/j.automatica.2005.12.008",
url = "http://www.sciencedirect.com/science/article/pii/S0005109806000136",
author = "William B. Dunbar and Richard M. Murray",
keywords = "Receding horizon control",
keywords = "Model predictive control",
keywords = "Distributed control",
keywords = "Multi-vehicle formations ",
abstract = "We consider the control of interacting subsystems whose dynamics and constraints are decoupled, but whose state vectors are coupled non-separably in a single cost function of a finite horizon optimal control problem. For a given cost structure, we generate distributed optimal control problems for each subsystem and establish that a distributed receding horizon control implementation is stabilizing to a neighborhood of the objective state. The implementation requires synchronous updates and the exchange of the most recent optimal control trajectory between coupled subsystems prior to each update. The key requirements for stability are that each subsystem not deviate too far from the previous open-loop state trajectory, and that the receding horizon updates happen sufficiently fast. The venue of multi-vehicle formation stabilization is used to demonstrate the distributed implementation. "
}

@INPROCEEDINGS{Acar, 
author={L. Acar}, 
booktitle={Decision and Control, 1992., Proceedings of the 31st IEEE Conference on}, 
title={Some examples for the decentralized receding horizon control}, 
year={1992}, 
pages={1356-1359 vol.2}, 
keywords={control system synthesis;decentralised control;feedback;large-scale systems;minimisation;multivariable control systems;optimal control;predictive control;time-varying systems;decentralized receding horizon control;finite-horizon optimization;finite-horizon quadratic cost criteria;infinite-horizon control;interconnected system;optimal control;predictive control;repeated minimisations;time-invariant systems;time-varying systems;Control systems;Control theory;Cost function;Costs;Covariance matrix;Industrial control;Manufacturing processes;Optimal control;Optimization methods;Process control;Time varying systems}, 
doi={10.1109/CDC.1992.371490}, 
month={},}

@INPROCEEDINGS{Sawa, 
author={S. Sawadogo and R. M. Faye and P. O. Malaterre and F. Mora-Camino}, 
booktitle={Systems, Man, and Cybernetics, 1998. 1998 IEEE International Conference on}, 
title={Decentralized predictive controller for delivery canals}, 
year={1998}, 
volume={4}, 
pages={3880-3884 vol.4}, 
keywords={decentralised control;level control;predictive control;water supply;decentralized predictive controller;gates;irrigation delivery canal;local controllers;open-canal flow nonlinear model;water level;Automatic control;Centralized control;Control systems;Distributed control;Irrigation;Large-scale systems;Modems;Predictive control;Production;Testing}, 
doi={10.1109/ICSMC.1998.726693}, 
ISSN={1062-922X}, 
month={Oct},}

@book{Boyd,
  added-at = {2009-08-14T16:29:36.000+0200},
  asin = {0521833787},
  author = {Boyd, Stephen and Vandenberghe, Lieven},
  biburl = {http://www.bibsonomy.org/bibtex/2b94b4eabf1023b7e1f52d17b78c36637/ahmedjawwad4u},
  description = {Amazon.com: Convex Optimization (9780521833783): Stephen Boyd, Lieven Vandenberghe: Books},
  dewey = {519.6},
  ean = {9780521833783},
  interhash = {9049cf1875745bd4a9dfbfa3f470a681},
  intrahash = {b94b4eabf1023b7e1f52d17b78c36637},
  isbn = {0521833787},
  keywords = {book convex-optimization optimization},
  publisher = {Cambridge University Press},
  timestamp = {2009-08-14T16:29:51.000+0200},
  title = {Convex Optimization},
  url = {http://www.amazon.com/Convex-Optimization-Stephen-Boyd/dp/0521833787%3FSubscriptionId%3D192BW6DQ43CK9FN0ZGG2%26tag%3Dws%26linkCode%3Dxm2%26camp%3D2025%26creative%3D165953%26creativeASIN%3D0521833787},
  year = 2004
}

@book{Cohen,
  asin = {0521833787},
  author = {Guy Cohen},
  isbn = {cel-00356672},
  publisher = {DEA. Université de Paris-I 1994-2004},
  title = {Optimisation des grands systèmes},
  year = 2004
}